% -- CITE 1
@article{updates2018puerto,
  title={In Puerto Rico, the Storm ‘Destroyed US’},
  author={Updates, Hurricane Maria},
  journal={New York Times. www. nytimes. com/2017/09/21/us/hurricane-maria-puerto-rico. html. Accessed February},
  volume={15},
  year={2018}
}

% -- CITE 2
@misc{rogers2017puerto,
  title={In Puerto Rico, No Power Means No Telecommunications},
  author={Rogers, A},
  year={2017}
}

% -- CITE 3
@misc{hoyos2018puerto,
  title={8 months after Hurricane Maria, the death toll in Puerto Rico remains a mystery},
  author={Hoyos, J},
  year={2018}
}

% -- CITE 4
@article{santos2018use,
  title={Use of death counts from vital statistics to calculate excess deaths in Puerto Rico following Hurricane Maria},
  author={Santos-Lozada, Alexis R and Howard, Jeffrey T},
  journal={Jama},
  volume={320},
  number={14},
  pages={1491--1493},
  year={2018},
  publisher={American Medical Association}
}

% -- CITE 5
@article{robles2017official,
  title={Official toll in Puerto Rico: 64. Actual deaths may be 1,052},
  author={Robles, Frances and Davis, Kenan and Fink, Sheri and Almukhtar, Sarah},
  journal={New York Times},
  volume={8},
  year={2017}
}

% -- CITE 6
@article{rivera2018estimating,
  title={Estimating the death toll of Hurricane Maria},
  author={Rivera, Roberto and Rolke, Wolfgang},
  journal={Significance},
  volume={15},
  number={1},
  pages={8--9},
  year={2018},
  publisher={Wiley Online Library}
}

% -- CITE 7
@article{pascual2017nearly,
  title={Nearly 1,000 more people died in Puerto Rico after Hurricane Mar{\'\i}a},
  author={Pascual, OS},
  journal={Centro de Periodismo Investigativo. December},
  volume={7},
  year={2017}
}

% -- CITE 8
@article{kishore2018mortality,
  title={Mortality in puerto rico after hurricane maria},
  author={Kishore, Nishant and Marqu{\'e}s, Domingo and Mahmud, Ayesha and Kiang, Mathew V and Rodriguez, Irmary and Fuller, Arlan and Ebner, Peggy and Sorensen, Cecilia and Racy, Fabio and Lemery, Jay and others},
  journal={New England journal of medicine},
  volume={379},
  number={2},
  pages={162--170},
  year={2018},
  publisher={Mass Medical Soc}
}

% -- CITE 9
@misc{acevedo2018puerto,
  title={Puerto Rico faces lawsuits over hurricane death count data},
  author={Acevedo, N},
  year={2018}
}

% -- CITE 10
@misc{cheslow2018puerto,
  author = "{Cheslow, D}",
  title = {{Puerto Rico Releases Data On Hundreds Of Deaths Following Hurricane Maria}},
  howpublished = {\url{https://www.npr.org/2018/06/13/619440877/puerto-rico-releases-data-on-hundreds-of-deaths-following-hurricane-maria}},
  year=2018,
}

% -- CITE 11
@article{santos2018use,
  title={Use of death counts from vital statistics to calculate excess deaths in Puerto Rico following Hurricane Maria},
  author={Santos-Lozada, Alexis R and Howard, Jeffrey T},
  journal={Jama},
  volume={320},
  number={14},
  pages={1491--1493},
  year={2018},
  publisher={American Medical Association}
}

% -- CITE 12
@article{echenique2018mapping,
  title={Mapping Puerto Rico’s hurricane migration with mobile phone data},
  author={Echenique, Mart{\'\i}n and Melgar, Luis},
  journal={City Lab},
  year={2018}
}

% -- CITE 13
@article{melendez2017estimates,
  title={Estimates of post-hurricane Maria exodus from Puerto Rico},
  author={Mel{\'e}ndez, Edwin and Hinojosa, Jennifer},
  journal={Research Brief Centro RB2017-01, Center for Puerto Rican Studies},
  pages={1--7},
  year={2017}
}

% -- CITE 14
@article{irizarry2018,
  title={Estimating mortality rates in Puerto Rico after hurricane María using newly released official death counts},
  author={Irizarry, Rafael},
  year={2018}
}

% -- CITE 15
@article{santos2018ascertainment,
  title={Ascertainment of the estimated excess mortality from hurricane Maria in Puerto Rico},
  author={Santos-Burgoa, Carlos and Goldman, Ann and Andrade, Elizabeth and Barrett, Nicole and Colon-Ramos, Uriyoan and Edberg, Mark and Garcia-Meza, Alejandra and Goldman, Lynn and Roess, Amira and Sandberg, John and others},
  year={2018}
}

% -- CITE 16
%% DON'T KNOW HOW TO CITE TERALITYCS

% -- CITE 17
%% DON'T NEED TO CITE WONDER ANYMORE

% -- CITE 18
@article{sharp2016surveillance,
  title={Surveillance for chikungunya and dengue during the first year of chikungunya virus circulation in Puerto Rico},
  author={Sharp, Tyler M and Ryff, Kyle R and Alvarado, Luisa and Shieh, Wun-Ju and Zaki, Sherif R and Margolis, Harold S and Rivera-Garcia, Brenda},
  journal={The Journal of infectious diseases},
  volume={214},
  number={suppl\_5},
  pages={S475--S481},
  year={2016},
  publisher={Oxford University Press}
}
